% Encoding: UTF-8

@article{Astefanesei:2020xvn,
    author = "Astefanesei, Dumitru and Bl\'azquez-Salcedo, Jose Luis and G\'omez, Francisco and Rojas, Ra\'ul",
    title = "{Thermodynamically stable asymptotically flat hairy black holes with a dilaton potential: the general case}",
    eprint = "2009.01854",
    archivePrefix = "arXiv",
    primaryClass = "hep-th",
    month = "9",
    year = "2020"
}

@article{Xu:2014uka,
    author = "Xu, Wei and Zou, De-Cheng",
    title = "{$(2+1)$ -Dimensional charged black holes with scalar hair in Einstein\textendash{}Power\textendash{}Maxwell Theory}",
    eprint = "1408.1998",
    archivePrefix = "arXiv",
    primaryClass = "hep-th",
    doi = "10.1007/s10714-017-2237-4",
    journal = "Gen. Rel. Grav.",
    volume = "49",
    number = "6",
    pages = "73",
    year = "2017"
}

@article{Xu:2013nia,
    author = "Xu, Wei and Zhao, Liu",
    title = "{Charged black hole with a scalar hair in (2+1) dimensions}",
    eprint = "1305.5446",
    archivePrefix = "arXiv",
    primaryClass = "gr-qc",
    doi = "10.1103/PhysRevD.87.124008",
    journal = "Phys. Rev. D",
    volume = "87",
    number = "12",
    pages = "124008",
    year = "2013"
}

@article{Zou:2014gla,
    author = "Zou, De-Cheng and Liu, Yunqi and Wang, Bin and Xu, Wei",
    title = "{Thermodynamics of rotating black holes with scalar hair in three dimensions}",
    eprint = "1408.2419",
    archivePrefix = "arXiv",
    primaryClass = "hep-th",
    doi = "10.1103/PhysRevD.90.104035",
    journal = "Phys. Rev. D",
    volume = "90",
    number = "10",
    pages = "104035",
    year = "2014"
}
